@article{verwoert2022dataset,
  title={Dataset of Speech Production in intracranial Electroencephalography},
  author={Verwoert, Maxime and Ottenhoff, Maarten C and Goulis, Sophocles and Colon, Albert J and Wagner, Louis and Tousseyn, Simon and van Dijk, Johannes P and Kubben, Pieter L and Herff, Christian},
  journal={Scientific data},
  volume={9},
  number={1},
  pages={1--9},
  year={2022},
  publisher={Nature Publishing Group}
}

@inproceedings{sakthi2021keyword,
  title={Keyword-spotting and speech onset detection in EEG-based Brain Computer Interfaces},
  author={Sakthi, Madhumitha and Desai, Maansi and Hamilton, Liberty and Tewfik, Ahmed},
  booktitle={2021 10th International IEEE/EMBS Conference on Neural Engineering (NER)},
  pages={519--522},
  year={2021},
  organization={IEEE}
}

@inproceedings{van2021inner,
  title={Inner Speech Classification using EEG Signals: A Deep Learning Approach},
  author={van den Berg, Bram and van Donkelaar, Sander and Alimardani, Maryam},
  booktitle={2021 IEEE 2nd International Conference on Human-Machine Systems (ICHMS)},
  pages={1--4},
  year={2021},
  organization={IEEE}
}

@article{van2007comparison,
  title={Comparison of spectral analysis methods for characterizing brain oscillations},
  author={van Vugt, Marieke K and Sederberg, Per B and Kahana, Michael J},
  journal={Journal of neuroscience methods},
  volume={162},
  number={1-2},
  pages={49--63},
  year={2007},
  publisher={Elsevier}
}

@inproceedings{saha2019deep,
  title={Deep learning the EEG manifold for phonological categorization from active thoughts},
  author={Saha, Pramit and Fels, Sidney and Abdul-Mageed, Muhammad},
  booktitle={ICASSP 2019-2019 IEEE International Conference on Acoustics, Speech and Signal Processing (ICASSP)},
  pages={2762--2766},
  year={2019},
  organization={IEEE}
}

@article{herff2020potential,
  title={The potential of stereotactic-EEG for brain-computer interfaces: current progress and future directions},
  author={Herff, Christian and Krusienski, Dean J and Kubben, Pieter},
  journal={Frontiers in neuroscience},
  volume={14},
  pages={123},
  year={2020},
  publisher={Frontiers Media SA}
}

@article{parvizi2018promises,
  title={Promises and limitations of human intracranial electroencephalography},
  author={Parvizi, Josef and Kastner, Sabine},
  journal={Nature neuroscience},
  volume={21},
  number={4},
  pages={474--483},
  year={2018},
  publisher={Nature Publishing Group}
}

@article{chartier2018encoding,
  title={Encoding of articulatory kinematic trajectories in human speech sensorimotor cortex},
  author={Chartier, Josh and Anumanchipalli, Gopala K and Johnson, Keith and Chang, Edward F},
  journal={Neuron},
  volume={98},
  number={5},
  pages={1042--1054},
  year={2018},
  publisher={Elsevier}
}

@article{anumanchipalli2018intelligible,
  title={Intelligible speech synthesis from neural decoding of spoken sentences},
  author={Anumanchipalli, Gopala K and Chartier, Josh and Chang, Edward F},
  journal={BioRxiv},
  pages={481267},
  year={2018},
  publisher={Cold Spring Harbor Laboratory}
}

@article{rusnac2022cnn,
  title={CNN Architectures and Feature Extraction Methods for EEG Imaginary Speech Recognition},
  author={Rusnac, Ana-Luiza and Grigore, Ovidiu},
  journal={Sensors},
  volume={22},
  number={13},
  pages={4679},
  year={2022},
  publisher={MDPI}
}

@article{roycnn,
  title={A CNN model with feature integration for MI EEG subject classification in BMI},
  author={Roy, Arunabha M}
}

@inproceedings{sun2021eeg,
  title={EEG classification with transformer-based models},
  author={Sun, Jiayao and Xie, Jin and Zhou, Huihui},
  booktitle={2021 IEEE 3rd Global Conference on Life Sciences and Technologies (LifeTech)},
  pages={92--93},
  year={2021},
  organization={IEEE}
}

@incollection{sacca2018classification,
  title={On the classification of EEG signal by using an SVM based algorithm},
  author={Sacc{\'a}, Valeria and Campolo, Maurizio and Mirarchi, Domenico and Gambardella, Antonio and Veltri, Pierangelo and Morabito, Francesco Carlo},
  booktitle={Multidisciplinary approaches to neural computing},
  pages={271--278},
  year={2018},
  publisher={Springer}
}

@article{gibbon2021machine,
  title={Machine learning accurately classifies neural responses to rhythmic speech vs. non-speech from 8-week-old infant EEG},
  author={Gibbon, Samuel and Attaheri, Adam and Choisdealbha, {\'A}ine N{\'\i} and Rocha, Sinead and Brusini, Perrine and Mead, Natasha and Boutris, Panagiotis and Olawole-Scott, Helen and Ahmed, Henna and Flanagan, Sheila and others},
  journal={Brain and Language},
  volume={220},
  pages={104968},
  year={2021},
  publisher={Elsevier}
}

@article{hausfeld2012pattern,
  title={Pattern analysis of EEG responses to speech and voice: influence of feature grouping},
  author={Hausfeld, Lars and De Martino, Federico and Bonte, Milene and Formisano, Elia},
  journal={Neuroimage},
  volume={59},
  number={4},
  pages={3641--3651},
  year={2012},
  publisher={Elsevier}
}

@article{panachakel2021decoding,
  title={Decoding covert speech from EEG-a comprehensive review},
  author={Panachakel, Jerrin Thomas and Ramakrishnan, Angarai Ganesan},
  journal={Frontiers in Neuroscience},
  pages={392},
  year={2021},
  publisher={Frontiers}
}
